@inproceedings{schwartz2011q,
  title={Q: Exploit Hardening Made Easy.},
  author={Schwartz, Edward J and Avgerinos, Thanassis and Brumley, David},
  booktitle={USENIX Security Symposium},
  year={2011}
}
